<record><leader>00000cas a22000007a 4500</leader><controlfield tag="001">13540212</controlfield><controlfield tag="008">860507d18781879pauwr ne      0    0eng d</controlfield><datafield ind1=" " ind2=" " tag="010"><subfield code="a">sn 86081354 </subfield></datafield><datafield ind1=" " ind2=" " tag="040"><subfield code="a">NPH</subfield><subfield code="b">eng</subfield><subfield code="c">NPH</subfield><subfield code="d">OCLCQ</subfield></datafield><datafield ind1=" " ind2=" " tag="042"><subfield code="a">msc</subfield></datafield><datafield ind1="0" ind2="0" tag="245"><subfield code="a">Fayette County Republican.</subfield></datafield><datafield ind1="3" ind2="0" tag="246"><subfield code="a">Republican</subfield></datafield><datafield ind1=" " ind2=" " tag="260"><subfield code="a">Uniontown, Pa. :</subfield><subfield code="b">Rush &amp; Ritenour,</subfield><subfield code="c">1878-1879.</subfield></datafield><datafield ind1=" " ind2=" " tag="300"><subfield code="a">1 v. ;</subfield><subfield code="c">65 cm.</subfield></datafield><datafield ind1=" " ind2=" " tag="310"><subfield code="a">Weekly</subfield></datafield><datafield ind1="0" ind2=" " tag="362"><subfield code="a">Vol. 1, no. 1 (June 6, 1878)-v. 1, no. 42 (Mar. 18, 1879).</subfield></datafield><datafield ind1=" " ind2=" " tag="752"><subfield code="a">United States</subfield><subfield code="b">Pennsylvania</subfield><subfield code="c">Fayette</subfield><subfield code="d">Uniontown.</subfield></datafield><datafield ind1="0" ind2="7" tag="785"><subfield code="t">American standard (Uniontown, Pa.)</subfield><subfield code="w">(DLC)sn 84026511</subfield></datafield><datafield ind1="0" ind2="7" tag="785"><subfield code="t">Republican standard (Uniontown, Pa.)</subfield><subfield code="w">(DLC)sn 86081355</subfield></datafield></record>